[gd_scene load_steps=6 format=2]

[ext_resource path="res://Wall.tscn" type="PackedScene" id=1]
[ext_resource path="res://Player.tscn" type="PackedScene" id=2]
[ext_resource path="res://wall1.png" type="Texture" id=3]
[ext_resource path="res://wall1.3.png" type="Texture" id=4]
[ext_resource path="res://SlidingDoorTemplate.tscn" type="PackedScene" id=5]

[node name="Level 1" type="Node"]

[node name="Player" parent="." instance=ExtResource( 2 )]
position = Vector2( 1090.89, -303.891 )

[node name="LongWall1st" parent="." instance=ExtResource( 1 )]
position = Vector2( 1216.41, -443.798 )
scale = Vector2( 0.5, 1.1 )

[node name="ShortWall1st" parent="LongWall1st" instance=ExtResource( 1 )]
position = Vector2( 4.34348, 362.651 )
scale = Vector2( 1, 0.363636 )

[node name="LongWall4th" parent="." instance=ExtResource( 1 )]
position = Vector2( 1980.33, -424.908 )
scale = Vector2( 0.5, 1.1 )

[node name="ShortWall4th" parent="LongWall4th" instance=ExtResource( 1 )]
position = Vector2( 16.0001, 341.818 )
scale = Vector2( 1, 0.363636 )

[node name="LongWall2nd" parent="." instance=ExtResource( 1 )]
position = Vector2( 1469.31, -182.006 )
scale = Vector2( 0.5, 1.1 )

[node name="ShortWall2nd" parent="LongWall2nd" instance=ExtResource( 1 )]
position = Vector2( -0.104126, -345.644 )
scale = Vector2( 1, 0.363636 )

[node name="MediumWall3rd" parent="." instance=ExtResource( 1 )]
position = Vector2( 1721.31, -113.746 )
scale = Vector2( 0.5, 0.75 )

[node name="MediumWall3rd2" parent="MediumWall3rd" instance=ExtResource( 1 )]
position = Vector2( -9.95435, -489.55 )

[node name="Camera2D" type="Camera2D" parent="."]
offset = Vector2( 1536, -300 )
current = true

[node name="WallTemplate" parent="." instance=ExtResource( 1 )]
position = Vector2( 1536.71, -0.104584 )
scale = Vector2( 4.518, -0.076 )

[node name="WallTemplate2" parent="." instance=ExtResource( 1 )]
position = Vector2( 1536.71, -592.58 )
scale = Vector2( 4.548, 0.099 )

[node name="Sprite2" type="Sprite" parent="."]
position = Vector2( 1338.86, -300.458 )
scale = Vector2( 0.367337, 0.367337 )
texture = ExtResource( 3 )
offset = Vector2( -333.286, 17.2391 )
flip_v = true

[node name="Sprite3" type="Sprite" parent="."]
position = Vector2( 1223.72, -288.936 )
rotation = 1.5708
scale = Vector2( 0.367337, 0.367337 )
texture = ExtResource( 3 )
offset = Vector2( -333.286, 17.2391 )

[node name="Sprite4" type="Sprite" parent="."]
position = Vector2( 1339.86, -532.921 )
scale = Vector2( 0.367337, 0.367337 )
texture = ExtResource( 4 )
offset = Vector2( -333.286, 17.2391 )

[node name="Sprite6" type="Sprite" parent="."]
position = Vector2( 1726.99, 155.511 )
rotation = 1.5708
scale = Vector2( 0.367337, 0.367337 )
texture = ExtResource( 3 )
offset = Vector2( -333.286, 17.2391 )

[node name="Sprite5" type="Sprite" parent="."]
position = Vector2( 1843.12, -88.4736 )
scale = Vector2( 0.367337, 0.367337 )
texture = ExtResource( 4 )
offset = Vector2( -333.286, 17.2391 )

[node name="Sprite28" type="Sprite" parent="."]
position = Vector2( 1838.86, -403.985 )
scale = Vector2( 0.367337, 0.367337 )
texture = ExtResource( 3 )
offset = Vector2( -333.286, 17.2391 )
flip_v = true

[node name="Sprite27" type="Sprite" parent="."]
position = Vector2( 1723.73, -392.463 )
rotation = 1.5708
scale = Vector2( 0.367337, 0.367337 )
texture = ExtResource( 3 )
offset = Vector2( -333.286, 17.2391 )

[node name="Sprite26" type="Sprite" parent="."]
position = Vector2( 1839.86, -636.448 )
scale = Vector2( 0.367337, 0.367337 )
texture = ExtResource( 4 )
offset = Vector2( -333.286, 17.2391 )

[node name="Sprite31" type="Sprite" parent="."]
position = Vector2( 1589.14, -106.021 )
scale = Vector2( 0.367337, 0.367337 )
texture = ExtResource( 3 )
offset = Vector2( -333.286, 17.2391 )
flip_v = true

[node name="Sprite30" type="Sprite" parent="."]
position = Vector2( 1475.01, -94.4995 )
rotation = 1.5708
scale = Vector2( 0.367337, 0.367337 )
texture = ExtResource( 3 )
offset = Vector2( -333.286, 17.2391 )

[node name="Sprite29" type="Sprite" parent="."]
position = Vector2( 1591.14, -338.484 )
scale = Vector2( 0.367337, 0.367337 )
texture = ExtResource( 4 )
offset = Vector2( -333.286, 17.2391 )

[node name="Sprite36" type="Sprite" parent="."]
position = Vector2( 2101.75, -397.972 )
scale = Vector2( 0.367337, 0.367337 )
texture = ExtResource( 3 )
offset = Vector2( -333.286, 17.2391 )
flip_v = true

[node name="Sprite35" type="Sprite" parent="."]
position = Vector2( 1987.61, -386.451 )
rotation = 1.5708
scale = Vector2( 0.367337, 0.367337 )
texture = ExtResource( 3 )
offset = Vector2( -333.286, 17.2391 )

[node name="Sprite34" type="Sprite" parent="."]
position = Vector2( 2103.75, -630.435 )
scale = Vector2( 0.367337, 0.367337 )
texture = ExtResource( 4 )
offset = Vector2( -333.286, 17.2391 )

[node name="Sprite25" type="Sprite" parent="."]
position = Vector2( 1339.86, -649.921 )
scale = Vector2( 0.367337, 0.367337 )
texture = ExtResource( 4 )
offset = Vector2( -333.286, 17.2391 )
flip_v = true

[node name="Sprite32" type="Sprite" parent="."]
position = Vector2( 1727.02, -75.5237 )
rotation = 1.5708
scale = Vector2( 0.367337, 0.367337 )
texture = ExtResource( 4 )
offset = Vector2( -333.286, 17.2391 )

[node name="Sprite14" type="Sprite" parent="."]
position = Vector2( 1589.38, 10.9821 )
scale = Vector2( 0.367337, 0.367337 )
texture = ExtResource( 3 )
offset = Vector2( -333.286, 17.2391 )

[node name="Sprite33" type="Sprite" parent="."]
position = Vector2( 2101.98, -280.969 )
scale = Vector2( 0.367337, 0.367337 )
texture = ExtResource( 3 )
offset = Vector2( -333.286, 17.2391 )

[node name="Sprite22" type="Sprite" parent="."]
position = Vector2( 2109.38, -72.0179 )
scale = Vector2( 0.367337, 0.367337 )
texture = ExtResource( 3 )
offset = Vector2( -333.286, 17.2391 )

[node name="Sprite21" type="Sprite" parent="."]
position = Vector2( 2109.38, 44.9821 )
scale = Vector2( 0.367337, 0.367337 )
texture = ExtResource( 3 )
offset = Vector2( -333.286, 17.2391 )

[node name="Sprite24" type="Sprite" parent="."]
position = Vector2( 1340.38, -68.0179 )
scale = Vector2( 0.367337, 0.367337 )
texture = ExtResource( 3 )
offset = Vector2( -333.286, 17.2391 )

[node name="Sprite23" type="Sprite" parent="."]
position = Vector2( 1340.38, 48.9821 )
scale = Vector2( 0.367337, 0.367337 )
texture = ExtResource( 3 )
offset = Vector2( -333.286, 17.2391 )

[node name="Sprite16" type="Sprite" parent="."]
position = Vector2( 1590.38, -552.018 )
scale = Vector2( 0.367337, 0.367337 )
texture = ExtResource( 3 )
offset = Vector2( -333.286, 17.2391 )

[node name="Sprite15" type="Sprite" parent="."]
position = Vector2( 1590.38, -669.018 )
scale = Vector2( 0.367337, 0.367337 )
texture = ExtResource( 3 )
offset = Vector2( -333.286, 17.2391 )

[node name="SlidingDoorTemplate" parent="." instance=ExtResource( 5 )]
position = Vector2( 2039.31, -168.573 )
is_exit = true

[node name="Sprite" parent="SlidingDoorTemplate" index="1"]
visible = false

[editable path="SlidingDoorTemplate"]
